
@misc{intel_opencv_2019,
	title = {{OpenCV}},
	url = {https://opencv.org/},
	urldate = {2019-11-15},
	author = {{Intel} and Garage, Willow},
	month = oct,
	year = {2019},
	file = {OpenCV:Z\:\\Users\\jan22\\Zotero\\storage\\39U4H64E\\opencv.org.html:text/html}
}

@misc{opencv_2.4.13.7_documentation_basic_nodate,
	title = {Basic {Thresholding} {Operations}},
	url = {https://docs.opencv.org/2.4/doc/tutorials/imgproc/threshold/threshold.html},
	urldate = {2019-11-15},
	author = {{OpenCV 2.4.13.7 Documentation}},
	file = {Basic Thresholding Operations â€” OpenCV 2.4.13.7 documentation:Z\:\\Users\\jan22\\Zotero\\storage\\GRMRX449\\threshold.html:text/html}
}

@misc{opencv_3.4.8_documentation_opencv:_nodate,
	title = {{OpenCV}: {Smoothing} {Images}},
	url = {https://docs.opencv.org/3.4.8/dc/dd3/tutorial_gausian_median_blur_bilateral_filter.html},
	urldate = {2019-11-15},
	author = {OpenCV 3.4.8 Documentation},
	file = {OpenCV\: Smoothing Images:Z\:\\Users\\jan22\\Zotero\\storage\\X8AZKV4M\\tutorial_gausian_median_blur_bilateral_filter.html:text/html}
}